4616 7390
685 404 760 488 Da
781 407 1075 490 Proetus
1104 402 1575 492 exterruerrts.
1837 423 1885 510 89

286 567 419 633 torum
445 551 621 644 vitrum„
651 549 860 662 aeremque
887 543 1077 630 inclusum
1116 541 1304 650 air(srcut
1318 557 1361 630 in
1380 545 1891 662 aurifodiniscomperimur,

287 661 408 772 longe
435 657 702 742 humidiorem
732 655 854 764 facit)
890 655 1073 741 nebulam
1115 649 1264 768 diverso
1283 679 1462 771 tempore
1489 687 1539 744 ex
1555 660 1746 748 meatibus
1760 667 1892 750 adrem

149 765 154 774 ¹
286 771 546 865 constituant3
568 767 1071 883 quaeperintromilstonem
1114 759 1214 871 flari)
1230 767 1295 850 ille
1312 777 1471 880 propter
1484 771 1889 882 qualitatemsuamdi·

285 879 434 994 aliquid
461 888 560 968 ae'ris
587 890 628 963 in
658 879 782 963 nubes
810 877 982 962 distribui
1002 907 1069 990 po·
1116 873 1294 971 versam,
1322 908 1440 991 quarn
1465 881 1581 964 babet
1607 913 1695 966 cunt
1724 908 1887 971 externo

284 993 366 1078 tell.
393 990 496 1073 Nam
506 988 666 1104 quando
675 990 882 1102 epistomia
891 988 1078 1074 claudun·
1113 987 1888 1081 aere‚contramonemvelalterationem
1945 1007 1951 1016 '

287 1129 367 1194 tur,
387 1108 532 1186 &vitra
543 1105 591 1184 ab
602 1109 767 1186 invicem
777 1101 1016 1212 separantur,
1031 1108 1070 1182 dt
1112 1095 1313 1191 causatur,
1336 1125 1549 1214 eapropter
1570 1135 1697 1218 aquea
1717 1115 1888 1201 materia,

290 1208 498 1298 cucurbitae
526 1212 773 1324 epiliomium
802 1211 991 1322 paulisper
1010 1239 1067 1293 re·
1112 1234 1198 1318 quae
1213 1215 1255 1292 in
1270 1217 1359 1294 ae're
1375 1209 1432 1294 est
1450 1275 1459 1304 ,
1474 1213 1663 1326 separatur
1677 1217 1889 1303 condensa-

285 1325 460 1414 laxatur‚
491 1349 708 1437 parumque
723 1327 824 1408 airis
839 1323 1068 1406 intromitti·
1112 1343 1270 1429 torque,
1292 1318 1398 1404 unde
1415 1320 1549 1408 Nubes
1565 1327 1743 1412 existunt.
1780 1327 1892 1412 Sicut
1904 1315 2060 1410 respiraro.

284 1459 368 1535 tur,
385 1458 481 1520 tunc
499 1434 642 1544 nebula
657 1433 721 1517 illa
738 1441 778 1516 in
790 1431 1068 1544 nubesdrspet-
1110 1427 1249 1513 eadem
1277 1459 1327 1513 ex
1355 1431 1463 1516 causa
1488 1435 1630 1522 accidit
1648 1465 1692 1520 ut
1709 1465 1889 1551 tempore
1901 1404 2067 1549 liffeim·

221 1619 224 1628 ,
285 1557 401 1660 gitur,
773 1641 776 1648 ‚
951 1585 954 1594 .
1110 1535 1290 1648 hyberno
1310 1543 1491 1627 animalia
1520 1573 1568 1628 ex
1587 1549 1720 1632 oribus
1735 1545 2050 1637 fumquW

163 1659 165 1664 ’
341 1665 401 1741 lix
411 1655 554 1772 quibus
575 1653 776 1742 evidenter
792 1652 959 1747 constat,
977 1676 1066 1765 pro·
1086 1689 1090 1751 i
1110 1647 1215 1760 quast
1223 1649 1473 1737 velnebulam
1485 1657 1677 1741 exhalent.
1706 1657 1810 1745 Nam
1828 1689 1887 1744 ea·
1903 1625 2022 1700 ‘'m''

104 1755 270 1899 Jssffl
286 1795 372 1884 pter
381 1775 479 1852 airis
494 1767 805 1851 contrasiionem
817 1763 878 1851 vel
897 1763 1065 1846 diminu·
1083 1757 1089 1858 j
1109 1757 1226 1842 lidior
1253 1771 1316 1844 a'e'r
1336 1771 1376 1844 in
1405 1761 1604 1877 frigidiore
1622 1768 1889 1859 condensatur,
1967 1855 1970 1867 ,

104 1861 162 1974 ,221
173 1923 250 1991 aqu
288 1893 460 1974 tionem,
478 1905 642 1990 aquam,
659 1907 745 1992 quae
763 1875 819 1958 est
837 1884 877 1958 in
896 1886 983 1959 a'e're
1005 1871 1066 1968 ,se
1111 1869 1271 1981 quando
1291 1896 1423 1982 autem
1441 1877 1727 1973 condensatur,
1755 1879 1799 1962 fit
1816 1889 1888 1964 mi-

98 1990 178 2072 luel
191 1987 272 2046 ‘ms'
284 1995 457 2104 separare
465 1987 514 2073 ab
524 2000 611 2072 aere
620 1990 632 2080 ',
650 1997 688 2070 &
704 1998 743 2072 in
765 1985 889 2072 nubes
906 2010 1067 2097 congre·
1110 2006 1201 2071 nor,
1218 1985 1452 2074 minor'verb
1463 1999 1547 2082 a'e'r,
1562 2017 1645 2074 non
1657 1990 1785 2104 potest
1792 2020 1887 2076 con-

57 2153 61 2164 ·
105 2088 166 2126 Μ
283 2131 384 2217 gare.
424 2100 545 2184 Unde
571 2095 600 2180 st
628 2099 880 2210 epislontium
897 2108 1067 2181 omnino
1110 2099 1234 2175 tinere
1261 2110 1415 2182 tantum
1432 2128 1569 2213 aquae,
1597 2107 1788 2216 quantum
1806 2132 1888 2188 ma·

284 2215 499 2304 relaxatur,
539 2215 580 2292 dt
606 2213 672 2295 air
699 2206 818 2322 plene
843 2212 1066 2294 intromitti·
1105 2210 1170 2306 jor
1204 2238 1217 2299 ς
1261 2209 1354 2320 ergb
1389 2212 1485 2294 telin
1516 2219 1573 2294 uit
1615 2212 1891 2300 lttuniditatetn

287 2341 372 2418 t'ut,
398 2324 502 2407 illicb
528 2320 654 2404 nubes
669 2320 731 2405 vel
744 2320 895 2404 nebulae
914 2313 1068 2403 evanes-
1109 2310 1239 2410 suam,
1256 2243 1538 2430 quaenobisbt
1555 2320 1710 2408 visrbilis
1726 2325 1781 2408 ob
1797 2353 1892 2410 con·

264 2449 413 2528 ·cunt·',
440 2444 532 2547 quia
559 2430 606 2514 ab
633 2441 803 2515 intrante
829 2443 916 2513 a'ere
943 2428 1081 2532 absor·¹
1112 2425 1357 2523 junsiionem
1374 2456 1435 2518 tot
1453 2431 1666 2517 multorum
1685 2435 1891 2546 corpuscu-

289 2545 451 2630 bentus,·
1115 2534 1256 2620 lorum.
1286 2541 1653 2653 Atquehocmodo‚
1675 2544 1894 2638 aestate,vel
1911 2537 2073 2614 'imas‘

341 2655 465 2738 Porrb
484 2717 494 2748 ,
521 2651 682 2769 quando
701 2679 771 2765 per
787 2649 904 2735 breve
912 2673 1070 2762 tempus
1116 2655 1235 2729 etiam
1253 2659 1294 2733 in
1311 2651 1408 2735 locis
1424 2652 1557 2738 calidis
1574 2713 1586 2750 ,
1603 2652 1782 2740 videmus
1797 2667 1895 2742 vitra
1908 2635 1991 2750 ,w
2002 2615 2054 2692 s*

287 2765 488 2851 cucurbita
505 2763 587 2848 lraec
605 2763 685 2848 una
702 2790 793 2846 cum
803 2761 941 2845 nebula
950 2759 1070 2844 serva·
1116 2755 1358 2874 aliaquevasa
1367 2773 1512 2849 vinaria
1527 2761 1550 2846 ὲ
1566 2763 1717 2876 frigidis
1727 2766 1833 2852 cellis
1844 2763 1897 2849 al·

287 2901 376 2971 tur,
410 2877 542 2988 potest
570 2871 788 2976 luculenter
815 2874 969 2966 uideri,
1004 2873 1071 2954 de·
1114 2867 1211 2964 lata,
1230 2869 1499 2986 quastsudare:
1520 2884 1618 2959 ratio
1634 2875 1706 2969 est,
1724 2887 1816 2990 quia
1832 2883 1898 2960 air

287 2986 439 3073 scensus
465 2985 617 3070 nebulae
646 2985 890 3098 &separatio
919 2992 1003 3088 ejus
1024 2980 1072 3063 ab
1116 2982 1439 3070 circumambiens
1464 3012 1552 3078 vas,
1577 2981 1822 3099 refrigeratur
1849 2984 1898 3069 ab

104 3155 211 3223 W„
226 3139 255 3196 r,
289 3109 379 3184 aere
404 3097 590 3184 sereniori
611 3133 622 3194 ;
648 3094 783 3178 Potest
801 3103 917 3178 etiam
939 3115 1071 3176 motus
1118 3091 1291 3186 eodem,
1329 3093 1434 3178 unde
1463 3097 1704 3204 contrabitur
1728 3161 1738 3192 ,
1764 3097 1900 3181 conse·

101 3232 167 3312 um,
189 3213 278 3294 parnt
291 3203 732 3297 velundulatioinvitro
751 3203 960 3296 clericalis,
977 3230 1071 3316 qua·
1118 3229 1281 3318 quenter
1289 3204 1476 3318 aquosum
1494 3207 1604 3290 suunt
1624 3205 1831 3291 humorem
1842 3237 1899 3290 re·

101 3293 251 3434 2⁶2?
291 3322 369 3414 lem
397 3314 525 3404 forsan
554 3317 702 3403 habent
715 3327 1013 3432 evaporationes
1031 3296 1279 3428 inpilin'quir,
1296 3329 1363 3428 qui
1373 3313 1518 3402 deinde
1527 3319 1712 3408 lateribus
1729 3313 1901 3407 vastrad-

293 3435 398 3520 A'e're
425 3429 636 3545 superiori:
670 3424 783 3547 quod
809 3424 859 3510 ad
879 3418 1083 3537 cognitio'
1120 3423 1278 3510 haereu-
1323 3533 1326 3541 ,
1682 3525 1685 3532 ι

293 3541 385 3626 nem
404 3551 508 3630 aerei
530 3539 761 3654 Systematis
777 3537 1075 3647 melioremper-
1159 3542 1356 3652 ¹Denique
1383 3535 1537 3625 silentio
1560 3557 1648 3624 ‘non
1668 3562 1903 3653 praetereun-
1918 3568 2017 3629 crura
2032 3572 2081 3628 tri-

294 3661 406 3738 tinet.
540 3655 543 3662 ’
636 3656 640 3664 “
956 3693 959 3698 Δ
1067 3659 1077 3700 ·“
1122 3647 1217 3732 dum
1230 3647 1439 3762 'zffquando
1466 3660 1563 3736 vitra
1579 3651 1663 3734 haec
1679 3653 1763 3736 Soli
1783 3680 1903 3767 expo·
1916 3649 2088 3708 sl‘ism‘·

352 3754 1077 3876 Deindeexhisomnibuspotestdisci
1122 3775 1286 3851 nuntur,
1314 3783 1431 3872 atque
1458 3769 1635 3874 operatio
1663 3760 1903 3858 instituitur,

299 3873 410 3960 causa
423 3871 598 3958 Nubium
625 3901 671 3960 ac
699 3879 951 3968 Ventorum
986 3888 1082 3951 nam·
1122 3870 1233 3981 quod
1261 3894 1357 3952 tune
1384 3877 1467 3952 A'e‘r
1492 3879 1533 3953 in
1561 3867 1604 3954 su
1632 3878 1748 3956 eriori
1767 3879 1902 3970 Vitro,

111 3989 203 4084 eausa
222 3990 278 4047 N*
298 3986 461 4100 quando
481 4013 530 4068 ex
551 3989 750 4068 montium
766 3981 1079 4066 radicibusuca-
1123 3979 1236 4066 valde
1263 3977 1433 4091 primitm
1465 3897 1694 4067 candefere
1721 3989 1905 4096 incipiat,

107 4075 227 4131 m*
301 4105 431 4186 vernis
454 4095 708 4180 subterraneis
737 4090 931 4204 assurgunt
961 4119 1082 4202 vapo-
1127 4091 1262 4203 postea
1291 4088 1471 4179 ue'Iridis
1489 4093 1656 4184 Colotes
1672 4091 1906 4184 reddatevi·
1993 4095 2003 4120 '

304 4235 365 4295 res
382 4206 469 4304 ,vel
487 4217 604 4292 etiam
621 4231 749 4293 novus
766 4203 863 4290 inibi
882 4223 1085 4318 generatus
1129 4199 1237 4285 denti
1271 4224 1384 4288 rmus.

887 4493 925 4576 C
961 4515 994 4578 a
1031 4513 1056 4576 e
1095 4511 1130 4575 u
1168 4511 1199 4573 τ
1268 4491 1372 4571 xll.

922 4692 990 4784 De
1014 4681 1104 4815 {gne
1126 4684 1169 4813 ip¹
1183 4687 1323 4791 Vacuo.

454 4927 648 5013 Andelam
667 4958 718 5013 ex
736 4955 823 5013 cera
842 4926 930 5016 alba
948 4927 1091 5021 fabiam
1129 4956 1319 5046 mumque
1331 4929 1434 5014 resia
1444 4930 1630 5025 emiserit,
1647 4950 1782 5013 tamen
1792 4929 1914 5042 exspi-

455 5035 616 5124 accendi
635 5045 674 5122 bt
692 5047 731 5122 in
750 5041 840 5155 (rap.
857 5071 890 5140 5.
905 5065 948 5126 ut
968 5045 1092 5138 &arr-
1132 5049 1240 5127 ravit.

457 5145 592 5254 rered.)
629 5145 778 5234 dietum
816 5151 1092 5267 Recipientem
1189 5159 1249 5236 Ex
1275 5147 1417 5264 quibus
1444 5157 1490 5256 &¹
1510 5149 1573 5234 his
1597 5148 1736 5261 sapius
1760 5162 1919 5235 reitera-

125 5295 269 5354 uaatm
306 5277 344 5359 ἱ,
354 5258 553 5348 mediante
570 5287 685 5343 exem
713 5259 773 5358 tili
794 5262 1013 5376 Epistomio
1032 5296 1094 5374 qr,
1135 5269 1184 5346 tis
1201 5267 1480 5378 experimentis
1497 5257 1796 5375 percipiendum
1825 5279 1918 5352 erat,

82 5375 85 5383 '
117 5373 200 5450 'mis
219 5375 286 5428 mr.
308 5369 473 5464 immisi,
495 5367 663 5454 deindei
695 5401 761 5456 um
766 5382 882 5480 juxta
901 5371 964 5464 vel
981 5373 1031 5460 ad
1045 5377 1098 5462 la·
1135 5371 1283 5486 Ignem·
1298 5366 1379 5456 srne
1407 5380 1498 5456 acte
1525 5379 1655 5458 vivete
1682 5398 1766 5454 non
1788 5365 1916 5562 posse,

108 5448 189 5526 finl-
275 5577 279 5584 1
308 5511 374 5568 tus
393 5479 593 5566 Machina
609 5481 699 5596 (cap.
713 5485 758 5587 4)
771 5494 918 5598 apponi
936 5521 946 5567 ε
966 5486 1099 5591 &(an·
1135 5482 1203 5568 sed
1223 5479 1335 5566 srmul
1354 5511 1444 5566 cum
1464 5493 1555 5567 a'e're
1574 5487 1774 5594 extingui3
1826 5478 1922 5564 lam-

311 5589 1098 5698 tliabenbexercitatllac'remextrabicu·
1136 5624 1212 5679 mae
1239 5593 1333 5680 verb
1352 5591 1517 5704 figuram
1541 5591 1774 5704 oblongam,
1802 5593 1850 5676 ab
1862 5601 1921 5676 ae·
1934 5606 2002 5683 aris
2013 5605 2101 5685 flam·
2164 5617 2168 5633 ’

157 5779 242 5836 tunm
315 5711 410 5788 tavi.
441 5709 504 5784 -Et
531 5699 612 5790 vidi
631 5701 830 5790 flammam
851 5706 1097 5821 pedetentim
1139 5701 1589 5818 tisgravitateexistete,
1618 5731 1705 5815 quae
1719 5697 1825 5786 illam
1846 5703 2042 5838 ele-{2³‚1‘gj’2r
2057 5685 2103 5742 ⁰⁶·

111 5789 172 5914 use
191 5792 261 5910 eins
315 5817 470 5906 minui,
488 5817 527 5892 bt
543 5812 722 5898 unicum
734 5813 892 5900 exfodio
901 5829 990 5904 aire
1008 5845 1099 5903 con·
1137 5837 1204 5901 vat
1221 5821 1260 5898 br
1277 5813 1519 5928 aliquantum
1544 5810 1818 5925 fursum'pellit
1833 5817 1922 5918 (ceu

110 5940 177 5992 um
192 5928 290 5990 Μ’·
313 5921 416 6010 trabi
433 5947 550 6034 atque
567 5923 795 6040 conglobari
815 5991 824 6020 ,
842 5925 1021 6012 donecea
1033 5924 1099 6011 de·
1137 5953 1265 6039 aqua,
1291 5927 1430 6010 natura
1444 5931 1595 6038 gravior
1612 5927 1729 6019 a'e're,
1757 5922 1922 6028 bullam)

109 6023 169 6067 ''⁸'’
309 6063 419 6120 mum
428 6058 519 6117 curn
528 6039 698 6121 coeruleo
709 6042 842 6122 colore
850 6037 902 6123 ad
912 6065 1097 6125 cacumen
1139 6045 1192 6120 ita
1220 6056 1350 6120 tamen
1373 6101 1384 6132 ,
1410 6059 1455 6120 ut
1483 6032 1641 6120 flamma
1666 6043 1708 6120 in
1736 6033 1921 6145 ellychnii

212 6247 216 6255 Ι
310 6143 738 6256 ellychniiperveniens
757 6151 930 6234 extinsta
948 6149 1014 6232 est.
1049 6155 1099 6254 ‚Et
1138 6143 1426 6260 prunalaaerens
1444 6173 1620 6243 maneat,
1647 6155 1738 6262 quia
1758 6153 1924 6228 circum·

308 6263 486 6369 quamvis
512 6252 600 6366 post
628 6261 839 6344 extinstam
867 6258 1097 6358 flammam,
1139 6259 1243 6345 stans
1271 6261 1339 6340 adr
1366 6253 1506 6342 sortior
1531 6287 1613 6344 non
1635 6259 1778 6369 premit
1805 6255 1926 6369 quam

309 6362 549 6474 ellychnium
576 6391 648 6476 per
675 6395 792 6452 unam
823 6370 887 6457 vel
911 6369 1008 6456 duas
1025 6367 1097 6453 ho·
1143 6369 1199 6454 est
1217 6367 1386 6454 flammae
1414 6396 1507 6452 cum
1534 6395 1658 6482 pruna
1676 6365 1927 6474 conjundiim

260 6521 266 6528 ·
307 6503 358 6558 rae
385 6481 553 6562 minutas
574 6486 740 6590 ignitum
760 6479 1012 6592 permanserit
1033 6475 1094 6564 fu·
1136 6478 1256 6567 Unde
1283 6545 1294 6576 ,
1323 6477 1351 6564 st
1378 6489 1420 6564 in
1443 6473 1830 6666 locippnserioribus,
1859 6477 1926 6559 ubi

1743 6617 1748 6624 ·
1864 6615 1929 6670 aer
