4616 7390
304 401 451 536 ξι,
837 423 1545 518 urrertrnrrus,

365 549 369 562 ¹
393 603 486 661 cum
516 604 616 693 aqua
644 574 728 662 tubi
747 587 777 656 A
807 581 1002 686 acquirit,
1031 599 1077 660 ut
1105 563 1212 707 ipse}
1234 581 1409 659 recentia
1426 573 1555 659 adbuc
1572 569 1687 666 sunt,
1723 569 1876 767 semper
1898 599 2015 686 appt-

391 688 561 775 ocularis
604 685 811 801 adspeelus
847 685 1019 800 probat;
1062 685 1186 771 Ratio
1206 712 1210 760 ι
1230 705 1340 766 reant
1365 683 1477 768 dretae
1503 687 1574 770 illae
1600 681 1772 772 vefieulae
1814 711 1865 768 eu
1890 681 2014 768 bullu-

227 851 347 910 Sm,
393 797 476 882 haec
494 799 577 882 est:
601 807 693 914 quia
722 805 949 881 communis
967 803 1066 884 aeris
1084 780 1210 912 pres-ql
1228 787 1303 886 lae,
1330 801 1371 876 in
1392 823 1536 909 magna
1551 805 1696 911 copiae
1723 792 1777 878 ob
1797 793 1908 910 quod
1933 822 2015 900 cer·

201 931 288 1018 ‚uarat
304 937 377 1022 ξιιμ
392 907 469 1006 fio,
495 937 566 1026 per
583 909 840 994 insertionem
860 905 1040 1020 fiphonis
1048 917 1081 1023 s
1083 912 1183 1024 ghi,
1205 931 1208 978 :
1229 901 1271 984 ιὸ
1299 905 1519 994 existimavi
1546 971 1557 1006 ,
1594 912 1725 992 acrem
1762 913 1852 993 vitri
1896 930 2017 1044 potos

205 1005 345 1139 5ss22„
391 1029 432 1104 in
454 1019 601 1106 ventile
623 1025 675 1115 ἒ,
704 1028 786 1106 non
803 1018 930 1102 solum
953 1000 1207 1145 impeditumf
1224 1039 1459 1126 penetrare:
1504 1027 1545 1102 in
1590 1020 1848 1132 ubopinione
1867 1046 1918 1101 eo
1936 1029 2017 1100 mit·
2134 1036 2138 1042 '

201 1101 308 1217 {erm
326 1165 371 1217 at.
390 1131 458 1216 sed
478 1129 590 1220 simul
610 1158 682 1246 per
700 1129 988 1240 extrastionem
1007 1191 1018 1223 ,
1047 1133 1125 1214 adri
1142 1137 1184 1211 in
1201 1148 1207 1253 q
1225 1132 1284 1319 gis
1301 1050 1662 1226 confinnatusqsui,
1688 1131 1800 1245 quod
1820 1125 1936 1234 (dum
1956 1151 2018 1212 tu·

206 1237 255 1292 '⁸³-
392 1242 488 1327 tubo
518 1263 557 1327 A
585 1241 735 1340 incluso
757 1247 940 1340 ,omnis
985 1239 1208 1367 dilatativa3
1252 1261 1300 1321 us
1326 1237 1392 1320 cd
1415 1240 1622 1326 inclinatur
1658 1249 1698 1324 bt
1732 1241 1832 1326 aui
1867 1238 2015 1325 mesum
2055 1299 2209 1364 Mn„

391 1355 459 1438 seu
480 1353 634 1440 clastica
650 1362 710 1443 vis
735 1355 840 1469 (quae
860 1376 954 1438 ante
975 1351 1185 1436 extractio·
1201 1377 1209 1525 p
1226 1345 1435 1482 impletur)
1462 1350 1615 1466 semper
1640 1269 1787 1466 aliquid
1812 1357 1913 1436 a'e‘ris
1939 1347 2013 1464 pist
2034 1395 2148 1456 rupa.

392 1493 514 1560 nem,
543 1463 698 1550 tametsi
728 1463 861 1550 nullus
898 1480 1065 1547 externo
1106 1469 1183 1546 aeri
1227 1454 1310 1544 sere
1338 1461 1613 1574 magnitudine
1643 1471 1683 1546 in
1709 1461 1806 1546 tubo
1832 1462 1915 1557 cel,
1945 1461 2012 1546 de·
2032 1455 2137 1554 ms*-
2191 1551 2196 1560 ,

391 1575 521 1661 aditus
541 1584 642 1662 intra
669 1575 809 1662 tubum
830 1597 898 1666 A.
936 1601 1007 1685 per
1027 1575 1184 1659 obtura·
1224 1570 1554 1682 prehenderetur;¹
1608 1583 1648 1658 ui
1669 1569 2013 1670 aen-tametsi&-

396 1710 480 1771 tum
519 1686 668 1774 ventilo
705 1689 1012 1782 concederetur,
1042 1711 1184 1802 aquam
1224 1709 1307 1766 nuo
1334 1684 1523 1797 (quando
1550 1605 1693 1768 scheer
1715 1683 1834 1770 tubus
1851 1711 2012 1770 conver·

393 1807 436 1881 in
454 1796 552 1883 tubo
582 1799 642 1880 cd
664 1796 880 1912 suspensam
900 1796 1088 1907 tenebat)
1116 1825 1182 1882 au·
1224 1793 1405 1900 rebatur)
1434 1822 1660 1912 erumperet
1689 1804 1728 1882 in
1748 1802 1909 1904 majoris
1925 1791 2012 1879 tubi

393 1904 525 1994 fertur.
585 1908 706 1992 Unde
725 1903 879 1993 necesse
900 1906 979 2004 est,
1004 1937 1051 1996 ut
1068 1936 1181 2024 aqua,
1224 1919 1256 1984 A
1284 1907 1482 2022 spatium,
1509 1906 1665 2020 semper
1699 1932 1834 1992 tamen
1861 1904 2012 1992 eodem

206 2022 286 2080 Μ’
305 2017 377 2100 sm
393 2016 506 2104 insiti
530 2018 596 2104 sud
622 2028 813 2136 gravitate
842 2017 865 2100 ὲ
890 2016 987 2104 tubo
1024 2023 1089 2104 cd
1116 2019 1183 2104 de·
1223 2015 1264 2098 id
1284 2021 1541 2132 contingebat
1553 2017 1698 2116 modo;
1725 2015 1780 2100 ob
1822 2047 1883 2102 uae
1901 2016 2012 2101 Phae-

205 2098 287 2158 ΜΗ*
392 2126 571 2226 scendet,
601 2139 639 2216 δι
656 2127 888 2220 inferiorem
913 2128 1048 2217 locum
1076 2161 1181 2248 quae·
1222 2153 1426 2222 nomena,
1464 2152 1597 2215 motus
1638 2129 1723 2213 sum
1757 2048 1898 2216 tubum
1934 2124 2013 2221 cd,

391 2265 479 2338 tat;
514 2238 622 2327 nulli
638 2240 775 2327 habiti
792 2241 946 2325 talione
965 2245 1077 2356 Fugae
1104 2251 1181 2330 Va·
1224 2235 1301 2321 alio
1321 2238 1451 2325 adhuc
1469 2249 1593 2328 vitreo
1621 2237 1863 2328 circumdare
1890 2237 2012 2334 tubo,

389 2364 479 2446 cui,
505 2351 595 2470 quia
613 2365 656 2438 in
674 2381 805 2438 terum
832 2379 971 2438 natura
998 2383 1080 2440 non
1108 2353 1178 2438 est.
1223 2348 1409 2465 huncque
1434 2351 1691 2468 posteriorem
1721 2354 1823 2467 aqud
1845 2350 2012 2464 replete,

390 2463 495 2548 Nam
521 2462 549 2548 st
579 2462 634 2549 ob
651 2459 785 2580 fugam
810 2469 937 2548 Vacui
965 2495 987 2550 a
1018 2495 1068 2552 ua
1093 2465 1177 2552 tubi
1223 2488 1268 2543 ac
1284 2464 1457 2575 superius
1491 2475 1579 2572 ejus
1595 2463 1790 2549 orificium
1819 2471 1872 2550 ita
1898 2459 2014 2546 obtu-

388 2572 456 2656 cd
480 2573 733 2664 descenderet
759 2572 810 2659 ad
837 2587 891 2658 im
924 2497 1087 2662 lendum
1105 2584 1178 2663 Va·
1221 2599 1324 2667 rare,
1354 2602 1405 2659 uc
1421 2584 1583 2661 interior
1602 2568 1720 2660 subus
1744 2570 1800 2658 cd
1823 2602 1923 2690 aqua
1941 2601 2012 2686 pe·

382 2715 507 2770 *cuum
524 2689 612 2774 tubi
633 2711 689 2781 A,
717 2713 839 2800 quate
859 2601 1097 2802 rehnqueret
1117 2713 1178 2772 tu·
1220 2687 1331 2771 nitus
1366 2687 1627 2772 circumdatus
1663 2711 1858 2770 maneret.
1915 2686 2008 2767 Hic
2048 2733 2163 2794 ouh„

386 2795 484 2880 bum
512 2794 568 2882 cd
592 2825 778 2891 vacuum,
809 2803 848 2880 ὅ(
865 2798 1037 2909 repleret
1057 2801 1178 2884 alium
1218 2803 1327 2880 enim
1347 2805 1501 2882 ratione
1522 2794 1703 2910 impediri
1720 2794 1830 2910 posse
1855 2806 2006 2908 cogita·
2026 2817 2200 2890 term.

387 2907 528 2993 scilicet
545 2909 685 2995 tubum
704 2917 767 2994 A?
794 2936 888 2992 cum
914 2936 1051 2992 tamen
1077 2911 1177 2997 illud
1217 2904 1309 2994 bam
1335 2967 1346 3004 ,
1384 2912 1484 2992 airis
1510 2918 1662 2994 externi
1688 2919 2008 3020 penetrationem
2026 2891 2202 3027 fimf

389 3040 539 3104 naturae
576 3019 654 3116 stt,
691 3045 738 3105 ut
801 3027 880 3103 rius
916 3016 1078 3132 seipsam
1119 3029 1177 3126 ju·
1217 3025 1319 3102 intra
1334 3018 1475 3105 tubum
1502 3019 1561 3102 cd
1584 3017 2007 3136 (quandoquidempet
2024 2984 2203 3118 eampse.

386 3151 477 3224 vet,
515 3129 585 3219 seu
620 3131 690 3218 fibi
726 3045 799 3243 eph
826 3130 1021 3216 succurrat
1056 3159 1176 3246 quam
1219 3151 1465 3246 utrumque,
1499 3127 1610 3215 simul
1631 3139 1671 3216 dc
1687 3157 1760 3244 per
1777 3159 1920 3266 aquam
1939 3141 2005 3214 ait
2024 3137 2093 3182 m*

130 3331 139 3348 p
385 3237 504 3327 alteri.
1216 3267 1423 3356 penetrare
1441 3269 1523 3325 non
1544 3239 1700 3356 posset.)
1738 3250 1889 3329 Verum
1910 3265 2006 3328 ortee

226 3401 369 3483 qm,
441 3353 661 3438 Portohoc
680 3352 843 3468 perusto
864 3417 881 3458 „
902 3359 1095 3469 omnique
1113 3361 1176 3438 ab·
1219 3350 1479 3439 nihilominus
1496 3351 1588 3438 sunt
1605 3362 1646 3438 in
1665 3353 1764 3442 tubo
1793 3354 1859 3437 cd
1880 3379 2007 3468 parvae

200 3489 314 3573 rmum
383 3489 424 3548 re
441 3465 662 3561 exantlato,
682 3477 736 3550 ita
755 3463 1072 3581 utaquatubicd
1085 3491 1176 3550 cum
1218 3461 1292 3548 illae
1317 3461 1526 3563 vehculae,
1560 3463 1689 3550 donec
1723 3463 1885 3552 tandem
1914 3463 2005 3584 poll

195 3559 365 3715 mxi
386 3601 488 3689 aqua
519 3577 604 3665 tubi
640 3591 673 3658 A
707 3579 909 3694 :equaliter
952 3574 1176 3673 subsideat,
1217 3574 1304 3662 dies
1323 3573 1388 3660 sex
1405 3577 1468 3661 vel
1485 3575 1610 3674 otio,
1637 3583 1758 3693 &pet
1776 3575 1836 3662 fre
1864 3601 2005 3663 uentes

195 3713 309 3780 mem
319 3711 366 3791 fir.
386 3683 580 3775 clauditur
605 3690 778 3786 ventile,
807 3695 846 3772 δι
865 3687 1093 3777 machinula
1123 3687 1173 3775 ad
1217 3695 1482 3800 experientias
1500 3684 1766 3804 deprehendi:
1798 3683 1837 3772 di
1879 3715 1921 3774 as
1938 3715 2005 3775 ve·

246 3841 251 3858 ι
383 3795 731 3890 demonstrandum
762 3807 946 3886 Vacuum
971 3803 1173 3890 conserva·
1216 3795 1353 3884 siculas
1379 3799 1446 3884 seu
1472 3797 1635 3885 bullulas
1654 3799 1676 3882 a
1692 3807 1792 3887 vitro
1819 3801 1904 3914 ipso
1921 3823 2007 3884 tan·

382 3933 466 3994 tur.
524 3912 705 4032 Qando
732 3918 839 3994 enim
856 3910 967 3995 lubet
993 3921 1172 3999 Vacuum
1243 3937 1335 3995 uam
1356 3917 1504 3996 recenti
1521 3919 1716 4024 originem
1745 3909 1930 4007 traxisse,
1958 3939 2005 3996 ac

381 4017 478 4108 illud
504 4021 776 4108 demonstrate
794 4085 805 4116 ,
820 4043 944 4116 vverte
970 4023 1173 4109 machinu-
1214 3940 1365 4138 semper
1381 4023 1568 4134 paulatim
1586 4033 1626 4107 in
1648 4021 1733 4106 dies
1743 4018 1914 4137 singulos
1938 4021 2004 4106 de·

379 4129 490 4229 lant,
524 4159 573 4219 ut
590 4132 708 4220 tubus
736 4133 868 4217 edre
895 4132 1021 4220 leatut
1051 4163 1171 4252 aqua,
1215 4131 1374 4229 fecisse,
1413 4135 1533 4250 usque
1558 4132 1654 4218 dum
1683 4131 1801 4218 nullae
1835 4132 2004 4247 amplius

381 4239 559 4342 deinde,
597 4257 703 4360 erige
731 4241 837 4328 illam
865 4161 943 4352 deo
970 4245 1098 4333 modo
1126 4272 1173 4332 ut
1216 4242 1633 4364 deprehenderentur,
1661 4243 1773 4360 quod
1791 4251 1829 4328 δι
1847 4267 2001 4360 tempo·

380 4352 576 4468 orificium
618 4358 650 4440 α’
681 4354 833 4469 semper
860 4383 882 4441 a
912 4386 972 4442 uae
997 4358 1171 4446 submer-
1212 4365 1265 4441 tis
1290 4359 1458 4445 successu
1486 4353 1753 4471 frequentiora
1787 4357 2001 4444 confirma·

379 4465 463 4550 sum
496 4470 689 4578 maneat)
729 4475 768 4551 δε
794 4388 948 4558 videbis
975 4495 1118 4586 aquam
1147 4465 1170 4568 ὲ
1211 4466 1308 4552 bant
1354 4475 1656 4582 experimenta;
1696 4471 1800 4553 Nam
1837 4467 1998 4583 quando

378 4577 476 4662 tubo
503 4581 560 4662 cd
581 4579 691 4666 illico
702 4575 958 4673 descendere,
985 4583 1169 4696 spatium·
1211 4577 1437 4666 machinula
1463 4575 1543 4664 stne
1567 4579 1636 4664 usu
1653 4608 1722 4695 per
1745 4579 1896 4694 aliquot
1914 4578 2000 4664 dies

379 4715 458 4799 que
476 4689 595 4800 hujus
621 4687 706 4773 tubi
733 4688 957 4808 relinquere
981 4719 1170 4785 vacuum,
1211 4717 1346 4804 aperta
1363 4691 1498 4784 stetit,
1527 4697 1567 4774 δε
1595 4691 1792 4774 astionem
1819 4702 1996 4803 priorem

379 4799 576 4888 orificium
594 4811 703 4887 enim
723 4795 749 4882 d
757 4863 768 4895 ,
793 4800 947 4915 semper
967 4831 1079 4922 aquae
1095 4809 1170 4885 im·
1209 4810 1416 4899 reiteravi,
1442 4827 1538 4889 tunc
1574 4798 1717 4885 eodem
1785 4831 1838 4886 uo
1872 4805 1998 4914 priori

377 4912 545 4998 mersum
558 4939 709 5007 manet,
737 4912 940 5029 nullusque
952 4925 1016 5002 e'e'r
1029 4921 1167 5000 introi·
1210 4911 1336 4999 modo
1374 4927 1642 5028 'apparuerunt
1681 4833 1874 5016 ejusmodi
1911 4909 1996 4998 bul·

212 5040 329 5121 ,equata
377 5051 419 5106 re
435 5021 594 5139 potest,
624 5023 725 5138 Ergb
752 5025 918 5140 spatium
935 5025 1054 5136 hujus
1078 5023 1166 5112 tubi
1206 5022 1318 5122 lulae,
1344 5053 1427 5112 tam
1456 5034 1496 5110 in
1525 5053 1627 5140 aqua
1645 5024 1765 5141 quim
1784 5034 1919 5116 vitreis
1935 5050 1995 5111 tu·

192 5123 277 5255 22¹
281 5137 360 5255 dd
380 5129 595 5222 necessario
616 5163 784 5224 vacuum
796 5135 864 5222 est.
895 5141 1017 5224 Item:
1047 5165 1166 5224 move
1209 5133 1281 5220 bis.

191 5284 283 5332 maa
292 5279 355 5354 upt-
376 5247 548 5350 celeriter
565 5246 632 5334 seu
649 5245 755 5334 vibra
771 5243 872 5335 hanc
895 5247 1163 5336 machinulam
1234 5287 1240 5300 ·
1268 5245 1430 5362 Qibus
1446 5275 1498 5331 ex
1523 5244 1796 5362 phaenomenis
1815 5245 1995 5368 apertish·
2012 5279 2190 5340 omar:

192 5351 245 5410 θ’·
374 5357 518 5446 sursum
540 5365 580 5442 bt
597 5357 811 5458 deorsum,
847 5369 908 5448 uti
925 5369 1042 5478 capite
1059 5385 1163 5444 ante·
1209 5355 1275 5442 me
1291 5356 1554 5476 deprehendi,
1581 5357 1706 5446 didas
1724 5357 1888 5446 bullulas
1907 5387 1990 5446 non
2007 5355 2187 5448 ΜΨ·

376 5467 450 5555 ced.
470 5480 511 5556 δε
525 5470 678 5560 videbis
702 5499 844 5589 aquam
874 5473 959 5559 tubi
976 5487 1009 5554 A
1024 5467 1102 5557 sese
1121 5479 1162 5557 in
1205 5469 1330 5558 solum
1349 5502 1399 5556 ex
1417 5499 1528 5585 aquae
1541 5469 1609 5554 sed
1629 5479 1749 5557 etiam
1768 5501 1819 5556 ex
1834 5479 1923 5559 vitri
1939 5468 1994 5559 es·
2011 5435 2165 5590 m
2303 5501 2304 5550 l

376 5579 498 5668 semet
516 5583 596 5698 ipsa
605 5582 786 5680 dilatare,
813 5583 1059 5700 spatiumque
1076 5610 1164 5667 om·
1206 5581 1338 5694 fluviis
1355 5607 1463 5668 ortas
1490 5575 1602 5668 fuisse
1621 5617 1632 5679 ;
1661 5587 1701 5666 dt
1725 5575 1887 5670 effluvia
1910 5615 1994 5672 cor·
2014 5587 2186 5666 ΟΜΝ

378 5701 475 5776 nino
492 5723 660 5784 vacuum
677 5707 717 5779 in
734 5693 870 5780 medio
890 5725 1001 5814 aquae
1020 5703 1165 5782 exoriri
1236 5723 1353 5780 orum
1387 5691 1603 5812 corporalia
1639 5695 1836 5807 (quotum
1873 5663 2031 5782 etiams
2075 5704 2084 5724 ’

380 5809 569 5920 &aquam
589 5805 695 5891 illico
714 5837 806 5891 cum
826 5804 883 5893 sra
911 5836 978 5895 ore
997 5819 1162 5894 concur2
1205 5725 1269 5888 bb.
1282 5837 1319 5910 4.
1348 5831 1423 5920 cap.
1436 5839 1472 5888 1.
1502 5811 1751 5889 mentionem
1772 5799 1991 5912 faciemus)

377 5944 484 6016 tere;
512 5915 644 6029 quod,
669 5917 742 6005 nist
757 5837 967 6033 spatiosum
977 5919 1081 6005 istud
1098 5949 1162 6006 va·
1204 5915 1303 6002 nihil
1322 5915 1429 6002 aliud
1448 5912 1524 6001 esse
1541 5919 1824 6030 quama‘e’rem,
1846 5927 1994 6003 a'e'tem·

378 6057 497 6117 cuum
513 6021 631 6122 esset,
657 6029 765 6114 nullo
779 6029 902 6117 modo
921 6030 1004 6119 fieri
1021 6029 1163 6148 poffet,
1205 6059 1283 6145 que
1305 6027 1406 6113 nihil
1424 6024 1531 6112 aliud
1550 6053 1669 6141 quam
1687 6054 1896 6143 corporum
1905 6058 1994 6112 om·

379 6152 434 6225 uti
455 6167 527 6258 rap.
543 6137 704 6222 anteced.
717 6141 904 6230 diximus.
1206 6153 1318 6225 nium
1347 6133 1508 6226 effluvia
1525 6139 1770 6254 corporalia,
1807 6167 1881 6226 nec
1906 6169 1993 6226 rem
2022 6151 2026 6162 “

432 6252 513 6337 Ubi
531 6274 662 6338 autem
687 6249 920 6354 sciendum,
946 6251 1065 6452 ίἓιιοά
1082 6263 1161 6366 pri·
1204 6252 1321 6338 ullam
1354 6245 1431 6336 esse
1475 6247 1558 6336 stne
1590 6245 1752 6340 effluvio
1797 6251 1994 6366 corporali

378 6369 454 6445 mis
470 6365 535 6449 sex
553 6363 613 6452 vel
632 6365 725 6449 osto
754 6361 917 6460 diebus,
974 6393 1162 6478 umaqua
1204 6363 1270 6450 seu
1299 6361 1456 6458 odore,
1491 6361 1601 6449 unde
1627 6389 1709 6446 non
1738 6393 1761 6448 a
1789 6391 1882 6449 uam
1908 6389 1993 6448 tan·

377 6469 670 6576 simulacvitra,
700 6475 886 6564 unicum
903 6473 1054 6591 glutine
1074 6479 1168 6572 iiio,
1204 6501 1290 6560 tum
1315 6473 1383 6562 sed
1410 6485 1450 6562 δι
1466 6481 1639 6568 vitrum,
1667 6503 1732 6560 me
1789 6477 1852 6572 la,
1880 6497 1992 6559 cete·

1872 6607 1991 6696 raque
