4616 7390
479 453 556 519 aas
988 433 1724 533 LrnouTanrroo,‘·

308 595 476 691 Quian»
489 605 568 662 rum
577 573 857 692 fitperforatum
875 577 921 668 id
941 578 1063 659 multis
1078 575 1267 693 foramini·
1309 571 1393 660 inde
1412 575 1568 685 frigidae
1593 606 1692 686 aque
1719 584 1938 691 immergas,
1967 600 2009 658 ut
2024 581 2090 660 air

305 677 408 813 5¹⁵3?
423 698 475 770 Ψ·
495 685 561 770 bus
584 697 776 798 pervium,
806 686 891 768 dum
909 716 930 766 a
954 691 999 769 ud
1013 690 1124 799 pleni
1152 716 1267 798 aeqno-
1304 690 1451 801 phialae·
1467 686 1488 766 d
1505 687 1662 770 violenta
1682 691 1913 803 rarefialle'one
1930 691 1976 791 se
1993 692 2088 769 roli-

301 752 470 908 sssmdrssss.
496 801 582 880 liter
611 797 802 879 elevantur
827 805 864 876 in
893 719 1007 877 telem
1041 808 1152 891 aire,
1179 827 1267 909 aqua
1312 826 1400 908 gens
1417 794 1647 904 condensetur
1665 858 1675 891 ,
1695 802 1739 892 (ὅ
1757 809 1930 894 minorem
1949 829 2026 879 occu
2050 819 2086 878 et

311 921 362 968 W·
495 903 720 1008 nondefluit‚
749 899 916 1015 quamdiu
936 902 1077 1022 digitus
1090 913 1267 1010 foramini
1308 823 2086 1018 locum;Intusottralritu'raquo,dumalus

495 1018 796 1130 illorumfirperrie
816 1015 950 1098 incollo
961 1027 1107 1127 putenti
1125 1015 1269 1129 adpres·
1307 1022 1370 1100 air
1377 1025 1415 1097 in
1422 1019 1533 1098 locum
1544 1016 1812 1126 relinquendum
1811 1020 2006 1122 succedere
2014 1047 2082 1097 non

485 1127 554 1232 fios
565 1157 634 1208 non
640 1133 826 1238 permittit
846 1131 1035 1238 ingrestum
1052 1135 1131 1207 oiri
1154 1125 1266 1208 adre·
1301 1130 1497 1240 potest‚ne
1507 1127 2084 1240 scilicetdeturvaruumo'npht'o·

487 1233 804 1349 plandumlocum,
820 1245 901 1346 qui,
917 1237 955 1339 fi
978 1235 1153 1336 deflueret
1169 1267 1269 1348 aqua,
1309 1239 1355 1316 la.
1385 1249 1444 1318 Sic
1442 1237 1481 1340 fi
1491 1265 1541 1320 ex
1546 1237 1670 1339 fistula
1678 1247 1775 1338 cujus
1785 1271 1890 1320 unum
1901 1239 2082 1342 orificium

494 1349 759 1456 relinqueretur
765 1347 925 1460 spatium
941 1354 1039 1428 inter
1045 1356 1267 1458 superiorem
1306 1347 1473 1450 occlustrm
1482 1348 1637 1428 alterum
1645 1370 1805 1460 apertum
1818 1411 1828 1441 ,
1840 1370 1904 1430 aut
1919 1379 1967 1431 ex
1975 1350 2083 1430 clave

495 1454 877 1569 vafisfieperficiem&
895 1454 1111 1560 defluentem
1127 1487 1266 1566 aquam.
1298 1455 1745 1569 foeminelbenlcompalla
1761 1459 1913 1570 exfisgas
1923 1461 2080 1568 sortiter
2118 1509 2124 1520 ·

493 1579 545 1647 Et
560 1575 598 1648 iu
617 1569 686 1648 tali
705 1564 919 1671 conststentia
929 1589 1163 1679 permanente
1178 1597 1268 1676 aqua
1308 1569 1564 1660 &continuato
1580 1571 1694 1648 trat‘l'u
1712 1573 1849 1670 airam,
1869 1571 1912 1662 &i
1932 1571 2079 1674 eeffimu

491 1685 593 1757 intra
608 1705 698 1768 vas,
720 1697 860 1758 tantum
882 1698 1020 1790 gravat
1038 1679 1082 1769 ξς
1102 1673 1264 1781 deorsum
1295 1678 1455 1778 stellione
1453 1680 1581 1775 statim
1590 1702 1740 1790 apponas
1737 1679 1871 1782 fistulae
1878 1677 2078 1788 orificiopa·

490 1793 626 1900 nititur
641 1816 752 1897 aqua,
779 1779 1104 1896 quantumfisundo
1121 1795 1263 1898 integro
1302 1796 1397 1869 tenti
1414 1785 1570 1900 digitum
1588 1811 1651 1869 aut
1668 1785 1809 1870 labrum
1827 1851 1837 1880 ,
1854 1817 1897 1870 ne
1904 1781 2077 1892 succedat

492 1897 537 1989 ξς
554 1897 641 1977 eollo
665 1918 787 2008 aperto
798 1894 909 2006 fimnl
921 1928 998 1977 cum
1016 1898 1100 2000 vast
1107 1899 1276 2000 stedine,
1301 1893 1460 1978 ambiens
1478 1901 1560 1988 air,
1578 1899 1781 1980 attrahitur
1794 1897 2077 2000 intrafistulom,

490 2027 606 2086 retnr.
635 2008 877 2090 Remotoveri
895 2003 1013 2118 digito
1034 2009 1077 2100 ξς
1092 2007 1261 2120 permrffo
1300 2001 1907 2120 autelavemcaradigitiautlobri,
1925 2029 2076 2090 utnota-

487 2118 641 2230 ingreffu
653 2119 1166 2306 airipersuperiugsoramen,
1184 2122 1259 2218 sta·
1301 2113 1429 2198 biliter
1444 2118 1591 2199 vellicet
1610 2120 1654 2211 ξς
1672 2113 1717 2198 de
1736 2145 1841 2214 corne¹
1856 2113 2071 2230 dependeat.

486 2232 555 2306 tim
571 2227 702 2328 defluit
715 2256 805 2335 aqua
822 2254 871 2308 ex
905 2257 951 2307 un
980 2233 995 2307 i
1006 2224 1259 2340 [oraminibus.
1302 2239 1381 2308 Non
1397 2223 1660 2330 aliodecaufiu,
1678 2225 1744 2332 nifi
1751 2237 1833 2336 quia
1843 2219 1998 2308 durante
2005 2257 2072 2312 ex·

488 2233 957 2448 Quodfiinmediodestlnu
977 2345 1111 2419 iterum
1128 2337 1268 2451 appoJi·⁸
1288 2338 1449 2436 stellione
1465 2337 1590 2440 rareslt
1606 2365 1792 2420 remanens
1814 2345 1911 2442 intus
1921 2343 2007 2434 air,
2026 2339 2072 2430 ὢ

489 2465 527 2526 to
549 2441 666 2560 digito
685 2453 850 2559 foramen
878 2444 1099 2542 obllruotur,
1118 2444 1257 2560 pendet
1296 2449 1598 2528 violentertotum
1616 2443 1716 2528 illud
1719 2447 1878 2558 spatium
1885 2447 1988 2552 solus
2008 2455 2075 2528 im·

488 2559 623 2636 iterum
640 2588 730 2665 aqna
749 2578 871 2639 contra
896 2558 1162 2638 inclinationem
1176 2559 1257 2660 fine
1286 2557 1390 2665 plets
1417 2559 1570 2660 Ceffiante
1586 2557 1786 2660 verisullu
1803 2560 1987 2670 recolligit
1996 2554 2074 2660 seri

484 2672 707 2778 gravitatis,
736 2673 938 2748 tuncetiam
950 2697 1090 2748 manum
1100 2697 1254 2778 gravan·
1296 2668 1460 2747 vo'olenta
1478 2668 1761 2780 ruresailione&
1769 2674 1939 2750 minorem
1956 2671 2070 2748 locum

456 2841 460 2850 .
486 2781 558 2868 tis,
577 2805 641 2858 nec
649 2772 779 2876 defluit
787 2785 826 2856 in
836 2797 998 2887 apertum
1006 2785 1139 2856 aeirem.
1296 2771 1751 2887 occupansudvocatalr'ud,
1766 2773 1930 2890 quodipfi
1937 2786 2070 2888 proxi·

541 2882 755 2996 Responsio
775 2922 784 2966 :
804 2887 986 2998 Qiaair
1005 2883 1256 2972 circumstans
1295 2915 1388 2966 mum
1396 2887 1465 2986 esi,
1481 2883 1649 2968 odiosum
1658 2883 1837 2990 desertum
1846 2885 2068 3001 replendum.

487 2996 665 3112 pondere
674 2995 743 3081 suo
751 2994 885 3108 saepius
895 2995 1019 3089 disto,
1050 3003 1167 3080 etiam
1190 3023 1256 3082 vas
1294 2993 1498 3105 Eademque
1522 3005 1624 3104 causo
1650 2999 1719 3098 esl,
1745 3028 1809 3078 eur
1825 2995 2072 3092 cucurbitulae,

487 3103 536 3196 ad
552 3103 771 3218 irrigandos
788 3109 928 3190 hortos
941 3104 1168 3189 confestum
1185 3115 1255 3190 cir·
1295 3109 1559 3218 quaeclrirurgis
1577 3116 1615 3188 in
1632 3109 1693 3210 usta
1704 3105 1769 3215 effe
1777 3107 1906 3218 fidene,
1927 3137 2069 3189 carnem

486 3215 672 3313 cumdat,
698 3229 856 3328 itaque,
876 3214 1035 3330 quando
1053 3225 1137 3301 eius
1154 3211 1254 3300 sora·
1284 3216 1429 3322 fierfisrn
1454 3219 1668 3300 attrahant:
1694 3227 1865 3298 nimirum
1891 3225 1975 3328 quia
1994 3247 2071 3310 aer,

485 3325 907 3438 mensuperneincoilo
919 3323 1135 3420 obturatur,
1155 3355 1254 3439 aqua
1292 3333 1354 3434 qui
1366 3333 1474 3437 prius
1493 3335 1577 3442 igne
1593 3325 1810 3420 incaluerat,
1831 3327 1923 3420 &in
1935 3338 2071 3414 rarione

486 3463 556 3554 per
584 3433 776 3520 foramina
811 3429 924 3521 fundi
960 3434 1135 3522 defluere
1170 3464 1253 3521 non
1294 3455 1367 3520 tem
1380 3431 1539 3530 abierat,
1558 3435 2076 3550 entinllaflammasrigidira-¹

485 3543 636 3658 potest,
661 3573 753 3630 cum
783 3543 1003 3656 ignavitate
1028 3549 1127 3631 airis
1150 3541 1255 3630 lusti·
1293 3565 1368 3628 tem
1380 3545 1644 3640 &denuitatem
1653 3555 1780 3660 recipit
1788 3569 1893 3656 atque
1902 3553 1941 3630 in
1956 3555 2071 3630 anino·

482 3677 638 3752 nentur,
666 3653 1109 3768 nifiaquainalritudine
1126 3686 1175 3736 20
1195 3657 1252 3740 ul·
1293 3657 1572 3739 remeantrallus
1582 3657 1707 3738 molem
1726 3665 1831 3737 inane
1837 3659 1998 3766 spatium
2010 3686 2067 3739 re-

480 3762 824 3859 narumconststat,
850 3773 1252 3880 utaieeexternogta-
1276 3765 1493 3876 linqueret,
1511 3761 2069 3880 nidudideeplrndumcaroele*

423 3933 428 3944 -
480 3888 567 3962 vius
591 3899 752 3991 premat.
782 3873 884 3986 Ergo
909 3904 993 3959 non
1023 3873 1116 3990 fuga
1141 3885 1252 3963 vacui
1292 3898 1452 3962 voretur.

479 3984 812 4097 sustinetaquam,
837 3981 901 4066 sed
898 3991 1074 4178 gravitas
1090 3995 1251 4070 circum·
1344 3983 1847 4103 Responfionaecunque
1858 3993 1898 4072 in
1909 3986 1983 4072 hac
1993 3993 2070 4072 Ex·
2096 4023 2202 4100 mgna
2268 4089 2269 4092 g

480 4093 615 4184 stantis
625 4101 724 4179 airis
733 4092 894 4182 invasei
931 4093 1079 4180 uillam
1098 4106 1251 4182 retinet:
1291 4101 1481 4207 perientii
1509 4099 1559 4183 de
1586 4097 1721 4184 fistulis
1749 4103 1788 4180 δι
1804 4097 2069 4196 cucurbitulis,

479 4203 630 4288 Contri
646 4229 781 4292 amoto
799 4201 921 4316 digito
932 4209 998 4288 air
1014 4207 1163 4321 ingredi
1179 4235 1250 4320 po·
1290 4233 1377 4319 quae
1394 4209 1567 4295 eumalio
1584 4221 1672 4293 aere
1690 4236 1845 4296 carnem
1864 4205 2068 4294 admotam

478 4315 552 4404 test
570 4346 640 4430 per
655 4316 829 4433 superius
855 4311 1055 4413 foramen,
1083 4323 1123 4400 &
1150 4349 1249 4433 aqua
1289 4315 1504 4414 attrahant,
1520 4314 1793 4430 proferuntur,
1813 4317 2068 4405 earesolutio-

475 4451 550 4624 pto
574 4427 641 4512 sua
666 4425 828 4512 naturali
839 4435 1029 4620 gravitate
1057 4454 1107 4511 ex
1133 4425 1248 4513 fundi
1291 4431 1768 4540 neprolixioreopusnon
1787 4427 1955 4524 habent,
1974 4429 2068 4516 cirm

492 4539 733 4624 oraminibus
746 4563 835 4649 egre
866 4546 890 4618 i.
1289 4533 1455 4622 eandem
1474 4567 1546 4653 cap.
1557 4574 1615 4642 32.
1636 4547 1963 4626 annotaverimus.

309 4673 425 4810 Quen
531 4677 567 4746 5.
595 4657 634 4730 Si
660 4648 794 4752 pillulae
832 4676 938 4727 unum
973 4654 1245 4732 extremitatem
1345 4681 1382 4742 7.
1413 4657 1453 4731 Si
1451 4647 1613 4764 sclopeto
1628 4679 1723 4736 unco
1736 4713 1746 4742 ,
1761 4671 1825 4732 aut
1836 4657 1962 4751 majori
1971 4649 2067 4736 boen·
2087 4673 2210 4758 sasima

290 4753 345 4829 'll‘
373 4752 439 4820 '⁰⁸²⁸
473 4785 573 4868 aquae
586 4765 803 4870 immergat,
832 4785 882 4840 en
898 4756 1087 4840 alterutri
1106 4753 1248 4842 admota
1289 4751 1412 4842 barda
1430 4769 1608 4848 immittas
1624 4757 1796 4842 embolum
1813 4767 1983 4843 interiori
2005 4757 2184 4868 granea
2211 4785 2218 4816 ⁴
2266 4763 2267 4792 l

285 4827 408 4907 norm.

474 4879 593 4952 airesn
602 4875 768 4978 exsugas,
781 4867 949 4949 elevatur
959 4870 1136 4984 consellim
1145 4899 1248 4980 aquo,
1282 4870 1446 4981 perficiei
1454 4868 1542 4954 beni
1549 4893 1818 4980 congruentem,
1836 4893 1877 4954 ut
1892 4877 1955 4955 uir
1970 4879 2073 4958 inter
2086 4833 2203 4984 ’ἶῇἷίὖῖ
2265 4937 2266 4948 Ν

464 4981 675 5079 suuscilicet
710 4985 870 5060 navitate
889 4979 1086 5072 relullans,
1094 4983 1172 5088 pasl
1191 4989 1250 5064 ai·
1290 4981 1398 5166 lyam
1418 4983 1463 5074 lsi
1480 4961 1653 5064 embolrlm
1664 4977 1792 5086 fisbire
1809 4979 2003 5095 ompulit,
2029 4983 2213 5078 ΨΜ·

476 5009 819 5172 remexrmtlumad
833 5116 870 5171 os
888 5094 1109 5204 exsugentts3
1125 5099 1250 5200 utique
1319 5086 1450 5171 einde'
1473 5101 1631 5173 niarium
1633 5093 1800 5202 foramen
1809 5093 1982 5186 occludat,
2002 5124 2071 5174 non
2086 5060 2192 5200 ff*

472 5195 793 5284 nodeturoucuum
804 5197 1111 5306 infilluloexstellu
1124 5212 1219 5282 a'e're.
1290 5121 1562 5306 nifidrpilulter
1577 5199 1791 5283 extrahitur
1806 5197 1962 5284 embolns
1978 5266 1992 5296 ,
2024 5205 2069 5298 ὅ

528 5303 746 5424 Responsio
769 5345 779 5389 ι
799 5311 914 5392 Hanc
923 5313 1184 5394 elevationem
1196 5306 1248 5394 ob
1290 5315 1332 5389 vi
1347 5311 1601 5426 aliquantisper
1622 5311 1927 5400 extralius.retri
1941 5321 2070 5427 agitur

471 5445 673 5510 externam
682 5428 778 5505 aeris
785 5427 1129 5535 gravitatem,quae
1138 5429 1247 5535 aquis
1289 5421 1557 5522 introsiliulom.

470 5531 663 5617 incumbit
678 5557 793 5644 atque
810 5555 874 5615 eas
891 5538 932 5615 in
954 5527 1052 5616 illud
1071 5527 1255 5641 spatium,
1344 5519 1584 5642 Responsio:
1611 5529 1722 5616 Idem
1735 5528 1905 5616 Embolo
1922 5535 2069 5621 Antliae
2095 5569 2199 5651 „pm

470 5641 579 5752 quod
589 5656 704 5728 inane
714 5639 790 5731 est,
807 5649 1003 5755 reprimit,
1021 5648 1113 5727 oriri
1133 5667 1183 5724 ex
1195 5670 1244 5725 eo
1288 5639 2067 5756 PneumaticaequotidiecontingimCau·

466 5753 654 5864 colligas,
670 5748 781 5867 quod
801 5752 965 5838 elevatio
983 5779 1093 5888 aqua
1108 5757 1246 5864 viginti
1283 5746 1325 5831 sa
1336 5775 1465 5836 autem
1474 5750 1654 5860 hujusrei
1665 5780 1745 5834 non
1755 5750 1941 5865 fingenda
1951 5778 2065 5838 nacu-

468 5859 579 5947 ulnas
587 5857 842 5946 nonexcedat
860 5895 871 5956 3
891 5863 933 5945 Si
943 5889 1036 5949 vero
1049 5859 1172 5974 isfuga
1181 5889 1243 5948 va·
1277 5887 1326 5968 ra
1334 5855 1551 5948 formidans
1559 5862 1624 5947 seu
1632 5857 1977 5974 fugiensvacuum,
1993 5861 2066 5972 ‘sed

465 5981 528 6055 cui
548 5981 792 6085 proveniret,
812 6000 912 6086 aqua
928 5968 1034 6088 quast
1049 5979 1091 6055 in
1114 5969 1243 6054 infini·
1310 5971 1730 6084 navitascylindria'e'rei
1743 5971 2065 6060 scilicetstatuen·

464 6109 549 6176 tum
562 6079 788 6168 ascenderet
806 6111 851 6164 ac
870 6083 1043 6168 canalem
1052 6081 1240 6194 impleret.
1283 5999 1353 6174 fia,
1372 6109 1459 6195 quae
1476 6079 1677 6167 embolum
1695 6083 1740 6165 ei
1757 6092 1794 6170 vi
1812 6114 1849 6170 re
1879 6083 2081 6179 rimit,ur‘

281 6241 362 6292 susa
379 6231 446 6312 mg,
518 6213 555 6277 6.
584 6203 625 6276 Si
633 6193 796 6306 phialam
814 6195 1099 6302 cupreomsirmir
1114 6193 1241 6275 lateri·
1283 6220 1366 6276 noa
1379 6189 1503 6275 modo
1520 6114 1977 6294 difficultesexnalamr,
1995 6195 2059 6284 sed

280 6309 448 6399 &edelric
463 6299 527 6384 bus
538 6303 766 6420 compaliam,
781 6328 827 6380 ne
829 6303 942 6409 sterili
952 6323 1152 6415 rumpatur,
1161 6309 1239 6413 igni
1282 6309 1398 6386 etiam
1420 6300 1599 6416 (quando
1619 6303 1783 6416 amplus)
1809 6305 1858 6388 ab
1878 6335 1925 6391 ea
1936 6331 2058 6394 extra-

279 6373 335 6467 ‘⁸¹⁸'
352 6395 443 6445 ‘'m‘'
462 6409 643 6495 admotam
661 6414 874 6527 calefaciat,
899 6433 941 6493 ut
958 6423 1023 6495 air
1039 6423 1140 6494 intus
1160 6442 1237 6492 con·
1281 6413 1410 6496 stione
1439 6436 1623 6528 tanquam
1646 6412 1865 6524 imp'offibili
1894 6413 2057 6502 omnino

277 6462 444 6602 latrem*
461 6543 582 6608 tentus
589 6520 996 6626 vehementerrarefiat,
1012 6548 1155 6632 eamque
1173 6519 1237 6605 de·
1278 6520 2053 6637 abstinendumrrtemuscap.artaretur.

1960 6637 2054 6718 Ca·

286 5367 421 5443 Resolnts'o.
