4616 7390
667 368 743 450 Dr
772 369 1058 450 Pxopttris
1088 367 1563 455 Exutximtit’ris.
1842 385 1889 483 ιι

283 535 404 625 taque
443 513 580 593 omnia
617 513 796 593 emittere
824 499 982 591 effluvia
1007 505 1073 588 sua
1110 513 1312 600 traxerim,
1337 530 1470 592 tamen
1490 531 1589 621 quot
1606 504 1753 596 vicibus
1769 517 1887 596 etiam
1900 493 2066 628 ,ξξξΐζῗ

283 632 327 706 in
365 619 531 732 spatium
576 629 758 734 proxime
795 613 1067 709 circumstans,
1106 627 1339 702 tentaverim
1377 683 1388 712 ,
1429 617 1689 706 nihilominus
1743 618 1884 706 bullula
1896 643 1937 700 iti
1951 583 2037 704 miii-l

274 734 447 842 sequenti
483 753 557 844 cap.
583 760 644 844 io.
680 727 855 840 pluribus
892 733 1068 838 expetie·
1105 727 1298 831 ejusmodi
1343 737 1383 812 in
1427 727 1524 812 tubo
1567 728 1643 811 cd
1681 729 2060 816 remansit.'''¹‘’”.¹s“⁴

289 871 390 926 mur.
1065 834 1257 932 ,Exinde
1283 837 1383 922 nihil
1410 839 1724 952 atiud..coisigere
1751 842 1882 940 licuit,
1954 817 2039 876 m

341 949 585 1034 Frustmneus
602 953 734 1062 itaque
743 971 826 1036 etat
835 945 943 1032 labor
953 955 994 1031 in
1005 969 1066 1030 tu·
1102 975 1219 1064 quam
1248 946 1358 1060 quod
1383 975 1484 1061 aqua
1510 978 1593 1036 non
1610 949 1758 1040 desinet
1784 953 1884 1040 odo·

284 1059 335 1146 bo
352 1069 476 1147 vitreo
494 1057 568 1154 cd,
592 1062 673 1154 ‚alio
689 1058 827 1144 scilicet
847 1055 945 1143 tubo
966 1059 1066 1170 aquil
1100 1088 1182 1142 rem
1210 1056 1356 1154 suum,
1391 1069 1460 1172 qui
1494 1060 1593 1148 nihil
1628 1061 1733 1148 aliud
1760 1083 1880 1176 quarn

282 1169 457 1284 repleto,
485 1169 582 1254 undi
611 1175 661 1254 uc
676 1166 979 1261 circumdando,
1003 1183 1063 1254 in·
1097 1173 1162 1254 adr
1181 1169 1256 1262 est,
1284 1176 1326 1252 iii
1352 1169 1515 1281 spatium
1540 1184 1768 1285 proximum
1785 1182 1884 1276 (ma

279 1283 451 1378 sumtum
475 1201 800 1396 quandoquidem
818 1302 965 1365 certum
985 1277 1062 1373 cst,
1098 1276 1500 1386 ximesivacuumest)
1529 1290 1727 1376 emittere,
1770 1315 1879 1372 uam·

278 1388 659 1505 nullumpersebtum
677 1398 845 1488 vitrum,
871 1395 1062 1476 airitran·
1100 1390 1168 1474 diu
1184 1398 1270 1496 ejus
1288 1389 1436 1503 aliquid
1453 1387 1627 1502 supersit.
1665 1316 1785 1480 Unde
1810 1425 1877 1483 na-

276 1499 584 1614 situmpraebere.
1097 1528 1185 1585 tura
1212 1524 1417 1614 terraqueo
1447 1503 1601 1614 globo,
1625 1510 1807 1590 virtutem
1832 1508 1878 1590 il-

332 1611 461 1698 Sedut
479 1613 636 1700 ulterius
648 1610 960 1726 progrediamur,
989 1636 1060 1692 no·
1097 1609 1177 1694 lam
1203 1613 1508 1696 conservativam
1538 1611 1647 1716 dedit
1681 1612 1765 1719 (de
1800 1642 1878 1730 qua

277 1724 463 1812 tandum:
493 1723 650 1808 Etiamsi
672 1723 760 1838 post
780 1721 906 1807 didos
923 1715 1060 1806 sexvel
1098 1719 1161 1804 lib.
1170 1729 1247 1832 seq.
1267 1747 1340 1834 cap.
1358 1724 1411 1825 5.)
1438 1753 1508 1838 per
1533 1751 1652 1836 quani
1679 1721 1791 1809 simul
1812 1737 1877 1811 aiii

278 1837 372 1920 odio
386 1836 487 1930 dies,
516 1835 632 1918 nullae
642 1833 813 1947 amplius
833 1831 986 1916 bullulae
996 1857 1060 1940 ap·
1097 1839 1194 1917 circa
1229 1859 1319 1916 euin
1348 1835 1578 1946 &quidem
1616 1837 1720 1920 certi
1758 1846 1796 1918 vi
1830 1857 1877 1923 ao

277 1973 460 2056 pareant,
488 1952 560 2029 &a
588 1941 891 2032 uasiniuldtubo
909 1938 967 2025 cd
981 1935 1060 2026 sine
1096 1940 1277 2055 pondere
1305 1943 1581 2038 conservatur,
1610 1974 1662 2030 ne
1690 1973 1790 2058 aqua
1816 1945 1879 2050 (li-

266 2057 353 2142 ulla
379 2061 495 2142 ullius
520 1978 672 2140 bulsulae
699 2052 928 2140 ebullitione
957 2075 1058 2135 tian·
1099 2050 1417 2140 berdemittendo
1435 2051 1545 2146 suum
1564 2054 1729 2141 odorem
1747 2055 1879 2170 inspa-

275 2167 395 2280 quilld
414 2163 641 2260 descendat,
668 2165 870 2280 nullusque
888 2169 1056 2247 omnino
1097 2173 1195 2250 tium
1218 2165 1469 2250 circumstans
1483 2184 1668 2259 vacuum,
1694 2175 1735 2251 in
1754 2195 1836 2280 quo
1855 2167 1879 2250 a

276 2289 342 2362 air
379 2277 547 2364 ecullam
566 2283 669 2364 viani
680 2277 885 2370 subintret,
913 2267 1059 2358 situtid
1097 2275 1200 2359 Solis
1213 2275 1330 2362 radiis
1348 2301 1490 2388 magno
1501 2283 1741 2392 circitituper
1770 2302 1878 2370 ctuo,

279 2305 463 2499 quidam,
488 2415 534 2472 ut
550 2385 841 2500 supradidlum,
868 2381 1059 2468 desidera·
1097 2385 1246 2472 latione
1257 2385 1421 2501 illaquae
1436 2385 1498 2468 sib.
1513 2415 1546 2484 5.
1563 2411 1635 2500 cap.
1653 2409 1712 2469 16.
1737 2303 1878 2472 dicitur

278 2498 395 2595 bant3
412 2497 668 2586 nihilominus
678 2507 717 2581 in
728 2496 822 2582 tubo
832 2494 1060 2606 hocsquaii·
1098 2505 1259 2590 Annua,
1291 2493 1575 2596 circumfertur)
1594 2505 1727 2582 omnis
1742 2496 1879 2582 consu-

282 2608 487 2694 doscisicet
522 2605 584 2690 ost
601 2603 745 2693 fabiam
763 2616 1071 2694 evacuationem.
1099 2606 1449 2695 maturseuavolet.
1986 2689 1992 2705 ,
2051 2693 2055 2704 ,

120 2757 205 2830 Aqua
220 2747 248 2804 i»
282 2745 459 2804 extremo
485 2639 554 2803 llo
575 2749 593 2800 c
611 2716 796 2804 deorsum
830 2715 1060 2826 inclinatur,
1153 2717 1558 2830 Exquibusomnibus
1574 2688 2063 2826 ενίἂειιῑειιοιι-,ζᾝξῖμ

95 2823 264 2946 ⁷⁸⁶⁰⁸0¹¹¹⁵j
281 2857 326 2914 ut
343 2828 476 2916 denuo
503 2857 603 2941 aqua
630 2829 848 2944 repleatur)
876 2821 1062 2908 bullulam
1101 2826 1200 2922 stat,
1227 2828 1337 2942 quod
1368 2838 1559 2912 VACUI
1588 2839 1812 2945 procuratio
1831 2830 1880 2913 ed
1896 2842 2062 2932 triticei.

96 2921 252 3056 lxm*
280 2937 422 3026 didam
441 2966 625 3056 apparere
654 2939 769 3022 inllar
788 2935 866 3050 'pisi
920 2961 1061 3022 arvam.
1102 2939 1418 3053 usquepetdubla
1435 2936 1500 3034 sit,
1529 2966 1574 3025 ut
1586 2941 1682 3026 ultra
1699 2939 1882 3056 progredi
1894 2931 2065 3074 mmm

96 3059 202 3156 riom
222 3057 268 3146 vti
282 3059 331 3136 Et
359 3049 518 3168 quando
549 3051 683 3136 uidem
711 3051 794 3134 haec
820 2967 965 3132 buslltla
992 3053 1063 3127 ite·
1101 3077 1354 3164 nequeamus.
1896 3074 2010 3150 priami,

96 3133 263 3195 armeta
283 3189 370 3250 rum
398 3189 469 3274 per
497 3081 580 3244 tlibi
606 3159 864 3276 repletionem
894 3159 1066 3268 expella·
1158 3160 1271 3278 Qid
1288 3190 1420 3248 autem
1442 3159 1791 3248 censendumsltdc
1809 3167 1886 3246 Va-

284 3300 368 3368 tur,
398 3271 526 3359 rursus
547 3301 595 3358 ue
634 3299 753 3386 aqua,
781 3299 852 3385 per
880 3265 965 3354 tubi
993 3265 1068 3350 ele·
1102 3300 1177 3358 cuo
1196 3301 1266 3388 per
1281 3278 1320 3356 H
1353 3272 1534 3386 drangyri
1551 3273 1774 3360 descensum
1795 3297 1886 3384 pro·

286 3393 485 3470 tationem
500 3305 549 3468 ad
568 3382 885 3469 descendendum
894 3405 1053 3492 cogatur
1066 3397 1089 3518 ,p
1104 3381 1249 3479 dudio,
1272 3303 1404 3470 vitlem
1418 3382 1584 3472 estinfra
1599 3411 1674 3499 cap.
1688 3413 1746 3490 34.

285 3518 418 3580 tamen
447 3494 535 3608 poll
563 3507 784 3580 reiteratam
814 3519 922 3606 aquae
948 3501 1068 3584 intro·
1159 3493 1343 3580 Tandem
1377 3492 1456 3580 hoc
1489 3495 1582 3582 loco
1617 3525 1702 3582 non
1731 3494 1886 3581 silentio
1900 3482 2066 3626 Qum

284 3605 507 3692 missionem
525 3605 677 3716 semper
704 3599 947 3718 deprehendi
974 3599 1070 3710 ejus·
1104 3606 1441 3718 pratereundum:
1472 3582 2062 3723 1.Qodsimaehinu·l”d”c„

288 3716 401 3802 modi
428 3715 925 3830 bullulamexipsaaquain
942 3717 1070 3798 oiniii·
1104 3721 1142 3800 la
1171 3718 1381 3828 impleatur
1397 3715 1575 3804 cerevisia
1604 3717 1673 3822 (ad
1683 3716 1888 3802 dimidiam
1901 3716 1981 3796 wls·
2041 3711 2059 3809 ',

287 3853 341 3913 no
354 3852 539 3914 evacuato
560 3825 659 3912 tubo
672 3848 915 3941 generatam,
943 3821 1071 3940 super·
1095 3823 1181 3910 'scil
1234 3853 1390 3923 artem,
1423 3838 1484 3910 uti
1506 3854 1623 3916 antea
1637 3824 1785 3912 factum
1804 3851 1889 3912 erat

290 3936 383 4025 esse.
522 3977 531 3990 =
1105 3857 1280 4052 aquil&
1307 3942 1373 4022 air
1402 3936 1651 4032 extrahatur,
1678 3961 1774 4022 tunc
1792 3961 1890 4024 tota

345 4053 449 4166 Qae
465 4048 629 4144 bullula,
659 4057 838 4165 quamvis
852 4047 943 4165 post
960 4072 1071 4160 aper·

1105 4047 1284 4134 cerevisia
1312 4057 1351 4132 in
1378 4047 1559 4174 spumapi
1586 4051 1799 4163 redigatur,
1836 4050 1892 4136 se·
2015 4137 2019 4144 ,

287 4184 368 4246 tam
402 4161 692 4255 machinulam,
733 4163 757 4246 i
784 4167 969 4275 gravitate
1007 4184 1073 4240 ex·
1087 4121 1093 4328 ἱ
1106 4159 1224 4274 seque
1236 4174 1291 4245 ita
1301 4159 1429 4244 elevet
1448 4185 1490 4244 ut
1500 4170 1647 4354 partini
1668 4189 1738 4274 per
1755 4167 1891 4246 Venti·

288 4281 390 4358 terni
411 4299 457 4354 ac
484 4271 742 4360 vehementer
757 4279 941 4358 irruentis
961 4277 1074 4360 ieris,
1108 4271 1146 4352 le
1171 4283 1213 4356 in
1243 4269 1447 4384 siphonem
1477 4269 1668 4356 acendat.
1708 4303 1742 4352 2.
1760 4273 1888 4358 Scien·
1904 4305 1983 4357 coe
2002 4299 2072 4358 itari

285 4393 342 4468 ita
370 4395 668 4498 comprimatur,
698 4405 743 4470 ut
779 4378 863 4468 sert
900 4375 1072 4468 invisibi·
1110 4378 1232 4474 duni,
1254 4378 1413 4495 quando
1430 4375 2034 4508 machinulaestcvacua·s'‘⁵⁵⁰sg·

285 4489 336 4577 lis
365 4492 525 4591 evadam
551 4517 682 4580 tamen
711 4524 762 4580 eii
788 4523 838 4578 eo
857 4499 1073 4607 percipien·
1110 4497 1206 4604 ta&
1230 4495 1388 4578 Ventile
1417 4499 1536 4576 nimis
1561 4494 1737 4580 celeriter
1764 4505 1889 4606 aperi·
1903 4467 2067 4587 stilibi.

288 4599 406 4698 dunt,
430 4605 759 4720 semperaquam,
813 4601 1073 4706 uaiidoinva·
1110 4629 1201 4698 tur,
1231 4629 1326 4688 tunc
1368 4626 1573 4690 externum
1607 4615 1735 4690 aerem
1775 4628 1889 4691 tanto
1903 4601 2051 4684 ineptia.

288 4741 386 4810 cuo,
414 4714 561 4829 aliquid
579 4718 750 4826 aerisue}
814 4725 913 4809 oris,
940 4713 1072 4824 inspa·
1110 4743 1201 4802 cum
1219 4723 1374 4827 impetu
1390 4723 1534 4802 irruere
1550 4725 1593 4798 in
1612 4725 1803 4821 majorem
1829 4742 1892 4800 tu-

288 4835 390 4908 tium
437 4823 532 4910 iilud
579 4827 831 4913 circumstans
876 4852 1076 4919 vacuum,
1113 4828 1247 4910 bumA
1270 4833 1731 5018 &aquamitppremeim
1756 4848 1893 4911 utnon

289 4945 591 5022 communicare.
651 4935 773 5022 Unde
788 4947 912 5021 -etiain
962 4931 1073 5019 ersae·
1111 4938 1237 5022 solum
1265 4959 1473 5020 momento
1538 4934 1679 5019 cendat
1694 4946 1737 5020 in
1756 4937 1894 5022 tubum

316 5053 377 5131 ius
406 5053 561 5132 iteratas
589 5047 766 5134 actiones
793 4960 1075 5138 animadverti,
1114 5045 1200 5142 cd,
1224 5054 1495 5132 verumetiam
1514 5048 1896 5161 partemejussupe·

286 5075 478 5242 bellulam
516 5155 629 5243 islam
666 5155 825 5273 singulis
860 5157 1006 5244 vicibus
1032 5163 1074 5238 in
1114 5155 1457 5253 riorematulsam,
1480 5157 1651 5350 lapueari
1678 5156 1896 5242 cameraeal·

288 5267 385 5354 tubo
414 5266 481 5352 cd
504 5278 712 5355 excitatam
742 5277 782 5354 ὃ(
837 5298 878 5354 er
913 5292 1076 5354 conver·
1116 5265 1238 5366 lidat,
1263 5268 1348 5350 imd
1364 5291 1490 5352 totam
1523 5264 1895 5353 tmulmachinulam

290 5381 442 5464 sionem
463 5377 695 5465 machinulae
735 5389 777 5465 in
802 5297 967 5492 lbatium
991 5374 1076 5462 tubi
1116 5381 1254 5467 elevet·
1290 5377 1459 5482 3.Quod
1475 5377 1896 5465 hacmachi'nulasem·

291 5489 487 5600 Asttpius
510 5489 755 5604 protrusam‚
786 5488 948 5576 demum
1005 5515 1076 5572 uo·
1117 5520 1185 5605 per
1210 5485 1316 5575 lentd
1342 5487 1579 5574 inflectenda
1606 5486 1682 5584 sit,
1716 5514 1770 5571 ne
1795 5515 1897 5601 aqua

291 5623 370 5704 que
390 5607 429 5681 in
450 5598 527 5684 hoc
545 5611 683 5709 majori
701 5602 821 5696 tubo,
849 5520 1005 5715 aliquid
1018 5607 1080 5680 ai·
1119 5601 1281 5688 celerius
1309 5607 1350 5683 in
1386 5597 1641 5684 canaliculum
1675 5592 1739 5681 cd
1779 5608 1899 5683 irruat

291 5705 739 5828 rissenstbilepeperille,
764 5718 1081 5828 quiaaquaintu·
1119 5740 1164 5797 ac
1192 5739 1284 5796 euin
1312 5707 1550 5824 disrumpam
1585 5716 1684 5794 ratio
1712 5706 1795 5792 huc
1821 5709 1899 5806 est,
2006 5819 2009 5826 Ι

292 5819 347 5904 bo
375 5817 461 5914 cd,
489 5848 571 5904 non
606 5821 772 5909 eandem
800 5845 846 5910 ut
860 5848 977 5908 antea
996 5821 1079 5908 alti·
1118 5819 1368 5937 quianullus
1403 5831 1467 5906 air
1503 5831 1546 5903 iri
1577 5815 1791 5905 canaliculo
1827 5819 1898 5904 islo

296 5927 476 6014 tudinem
492 5960 581 6016 cum
600 5960 699 6047 aqua
717 5931 801 6019 tubi
827 5950 859 6016 A
887 5936 1078 6023 obtinuit,
1118 5933 1289 6047 reliquus
1317 5931 1407 6025 est,
1443 5940 1511 6044 qui
1549 5959 1690 6046 aquam
1724 5939 1899 6046 praccipi-

297 6037 364 6123 sed
380 6041 418 6126 se
445 6049 532 6156 (pei
558 6043 817 6156 spontaneum
842 6055 940 6131 airis
965 6070 1080 6130 cona·
1117 6064 1269 6128 tantem
1297 6038 1425 6126 sistere
1446 6065 1603 6236 putam
1639 6067 1752 6128 tanto
1782 6048 1899 6152 igitur

300 6175 387 6234 tum
425 6151 491 6238 seu
526 6163 606 6240 viiii
635 6151 902 6264 dilatativam)
931 6155 1082 6246 elevare
1118 6181 1209 6238 cuni
1236 6157 1442 6266 impetu&
1477 6179 1613 6266 ragore
1630 6153 1826 6244 illabitur,
1855 6169 1898 6234 ut

304 6266 431 6372 coepit.
843 6259 848 6268 ’
1116 6269 1430 6378 praecipitatione
1458 6289 1525 6348 aut
1557 6260 1668 6348 fluxu
1698 6259 1793 6354 suo,
1826 6257 1897 6346 du·

365 6375 415 6451 Et
441 6401 678 6491 quamquam
704 6373 996 6491 huncquoque
1023 6383 1084 6460 ad·
1117 6383 1247 6460 ritiem
1258 6373 1434 6486 lapidum
1442 6368 1588 6458 referre
1597 6369 1792 6466 videatur,
1820 6399 1900 6484 qua

303 6509 387 6567 teni
416 6478 438 6564 ὲ
464 6483 559 6568 tubo
592 6494 820 6597 majoriis,
856 6485 993 6600 saepius
1018 6514 1083 6576 ex·
1117 6475 1899 6676 illitubivitreiftangluntumacsihocfio·

670 6621 675 6634 ·
1554 6620 1578 6672 2
1830 6613 1902 6694 ret,
